<?xml version="1.0" encoding="UTF-8"?><record xmlns="http://www.loc.gov/MARC21/slim" xmlns:cinclude="http://apache.org/cocoon/include/1.0" xmlns:zs="http://www.loc.gov/zing/srw/">
  <leader>00628cz  a2200205n  4500</leader>
  <controlfield tag="001">n  88505349 </controlfield>
  <controlfield tag="003">DLC</controlfield>
  <controlfield tag="005">19911213102539.1</controlfield>
  <controlfield tag="008">891227n| acaznaaa|          |a ana      </controlfield>
  <datafield tag="010" ind1=" " ind2=" ">
    <subfield code="a">n  88505349 </subfield>
  </datafield>
  <datafield tag="040" ind1=" " ind2=" ">
    <subfield code="a">DLC</subfield>
    <subfield code="c">DLC</subfield>
    <subfield code="d">DLC-R</subfield>
    <subfield code="d">DLC</subfield>
  </datafield>
  <datafield tag="050" ind1=" " ind2=" ">
    <subfield code="a">Z987.5.K6</subfield>
    <subfield code="b">H36</subfield>
  </datafield>
  <datafield tag="130" ind1=" " ind2="0">
    <subfield code="a">Hanʼguk Kosŏ Tonguhoe po</subfield>
  </datafield>
  <datafield tag="410" ind1="2" ind2="0">
    <subfield code="a">Hanʼguk Kosŏ Tonguhoe.</subfield>
    <subfield code="t">Hanʼguk Kosŏ Tonguhoe po</subfield>
  </datafield>
  <datafield tag="642" ind1=" " ind2=" ">
    <subfield code="a">che 3-ho</subfield>
    <subfield code="5">DLC</subfield>
  </datafield>
  <datafield tag="643" ind1=" " ind2=" ">
    <subfield code="a">Sŏul-si</subfield>
    <subfield code="b">Hanʼguk Chʻulpʻan Pʻanmae Chusik Hoesa</subfield>
  </datafield>
  <datafield tag="644" ind1=" " ind2=" ">
    <subfield code="a">n</subfield>
    <subfield code="b">except che 3-ho</subfield>
    <subfield code="5">DLC</subfield>
  </datafield>
  <datafield tag="645" ind1=" " ind2=" ">
    <subfield code="a">t</subfield>
    <subfield code="5">DLC</subfield>
  </datafield>
  <datafield tag="646" ind1=" " ind2=" ">
    <subfield code="a">c</subfield>
    <subfield code="5">DLC</subfield>
  </datafield>
  <datafield tag="670" ind1=" " ind2=" ">
    <subfield code="a">Kosŏ yŏnʼgu, '86, 1986:</subfield>
    <subfield code="b">t.p. (Hanʼguk Kosŏ Tonguhoe po)</subfield>
  </datafield>
</record>